<record><leader>00000cas a22000007a 4500</leader><controlfield tag="001">12301609</controlfield><controlfield tag="008">850724d19651976mtuwr ne      0    0eng d</controlfield><datafield ind1=" " ind2=" " tag="010"><subfield code="a">sn 84036193 </subfield></datafield><datafield ind1=" " ind2=" " tag="040"><subfield code="a">MTL</subfield><subfield code="b">eng</subfield><subfield code="c">MTL</subfield><subfield code="d">OCLCQ</subfield></datafield><datafield ind1=" " ind2=" " tag="042"><subfield code="a">msc</subfield></datafield><datafield ind1="0" ind2="0" tag="245"><subfield code="a">Bridger bonanza.</subfield></datafield><datafield ind1=" " ind2=" " tag="260"><subfield code="a">Bridger, Mont. :</subfield><subfield code="b">J. Orr,</subfield><subfield code="c">-1976.</subfield></datafield><datafield ind1=" " ind2=" " tag="300"><subfield code="a">v. :</subfield><subfield code="b">ill. ;</subfield><subfield code="c">38 cm.</subfield></datafield><datafield ind1=" " ind2=" " tag="310"><subfield code="a">Weekly</subfield></datafield><datafield ind1="0" ind2=" " tag="362"><subfield code="a">-v. 3, no. 130 (Oct. 21, 1976).</subfield></datafield><datafield ind1="1" ind2=" " tag="362"><subfield code="a">Began in 1965.</subfield><subfield code="z">Cf. Joe Mudd, Bridger, Mont.</subfield></datafield><datafield ind1=" " ind2=" " tag="588"><subfield code="a">Description based on: Vol. 9, no. 31 (Aug. 2, 1973).</subfield></datafield><datafield ind1=" " ind2=" " tag="752"><subfield code="a">United States</subfield><subfield code="b">Montana</subfield><subfield code="c">Carbon</subfield><subfield code="d">Bridger.</subfield></datafield><datafield ind1="0" ind2="0" tag="785"><subfield code="t">Clark's Fork bonanza</subfield><subfield code="w">(DLC)sn 84036194</subfield></datafield></record>